<?xml version="1.0" encoding="UTF-8"?><collection xmlns="http://www.loc.gov/MARC21/slim"><record><leader>00630nam--2200169-i-4500</leader><controlfield tag="001">000028976</controlfield><controlfield tag="002">20161230</controlfield><controlfield tag="005">20161230201037</controlfield><controlfield tag="008">060222s1000------------r-----000-0-eng-d</controlfield><datafield ind1=" " ind2=" " tag="040"><subfield code="a">IFIN-HH</subfield></datafield><datafield ind1=" " ind2=" " tag="080"><subfield code="a">533.9(061.3)</subfield></datafield><datafield ind1="1" ind2=" " tag="100"><subfield code="a">Kikuchi, Hiroshi</subfield></datafield><datafield ind1="1" ind2="0" tag="245"><subfield code="a">Laboratory and space plasmas</subfield><subfield code="b">Proceedings of the second international workshop on the relations between laboratory and space plasmas,held in tokyo, japan, november 25-26, 1986. with 185 illustrations, 12 in full color</subfield><subfield code="c">Hiroshi Kikuchi (Ed.)</subfield></datafield><datafield ind1=" " ind2=" " tag="260"><subfield code="a">TOKYO</subfield><subfield code="b">Springer-verlag</subfield><subfield code="c">1989</subfield></datafield><datafield ind1=" " ind2=" " tag="300"><subfield code="a">VI + 657P</subfield></datafield><datafield ind1=" " ind2=" " tag="852"><subfield code="a">78663</subfield><subfield code="c">533.9</subfield></datafield><datafield ind1=" " ind2=" " tag="CAT"><subfield code="a">Sys</subfield><subfield code="c">20101003</subfield><subfield code="h">164540</subfield></datafield></record></collection>